<collection xmlns="http://www.loc.gov/MARC21/slim">
<record>
  <leader>01141nam0a22002411i 450 </leader>
  <controlfield tag="001">IT\ICCU\CNCE\079169</controlfield>
  <controlfield tag="005">20170314000000.0</controlfield>
  <datafield tag="100" ind1=" " ind2=" ">
    <subfield code="a">20160527d1511        0itac0103    ba</subfield>
  </datafield>
  <datafield tag="101" ind1=" " ind2=" ">
    <subfield code="a">ITA</subfield>
  </datafield>
  <datafield tag="102" ind1=" " ind2=" ">
    <subfield code="a">IT</subfield>
  </datafield>
  <datafield tag="200" ind1="1" ind2=" ">
    <subfield code="a">Leggendario diuotissimo di piu vergini et martyri</subfield>
  </datafield>
  <datafield tag="210" ind1=" " ind2=" ">
    <subfield code="a">In Firenze</subfield>
    <subfield code="c">stampato per Gianstephano di Carlo di Pauia</subfield>
    <subfield code="c">ad petitione di Lionardo di Neri di Andrea Cartolaio</subfield>
    <subfield code="d">25 nouembre 1511</subfield>
  </datafield>
  <datafield tag="215" ind1=" " ind2=" ">
    <subfield code="a">\168! c.</subfield>
    <subfield code="d">4ʻ</subfield>
  </datafield>
  <datafield tag="620" ind1=" " ind2=" ">
    <subfield code="a">IT</subfield>
    <subfield code="d">Firenze</subfield>
  </datafield>
  <datafield tag="712" ind1="0" ind2="2">
    <subfield code="a">Giovanni Stefano di Carlo</subfield>
    <subfield code="3">IT\ICCU\CNCT\000207</subfield>
    <subfield code="4">650</subfield>
  </datafield>
  <datafield tag="712" ind1="0" ind2="0">
    <subfield code="a">Cartolari, Leonardo</subfield>
    <subfield code="3">IT\ICCU\CNCT\006506</subfield>
    <subfield code="4">650</subfield>
  </datafield>
  <datafield tag="791" ind1="0" ind2="2">
    <subfield code="a">Ioannes Stephanus Papiensis</subfield>
    <subfield code="3">IT\ICCU\CNCT\002820</subfield>
    <subfield code="z">Giovanni Stefano di Carlo</subfield>
  </datafield>
  <datafield tag="791" ind1="0" ind2="0">
    <subfield code="a">Carlo, Giovanni Stefano di</subfield>
    <subfield code="3">IT\ICCU\CNCT\002821</subfield>
    <subfield code="z">Giovanni Stefano di Carlo</subfield>
  </datafield>
  <datafield tag="791" ind1="0" ind2="0">
    <subfield code="a">Torriani, Giovanni Stefano di Carlo</subfield>
    <subfield code="3">IT\ICCU\CNCT\003877</subfield>
    <subfield code="z">Giovanni Stefano di Carlo</subfield>
  </datafield>
  <datafield tag="791" ind1="0" ind2="2">
    <subfield code="a">Gianstephano di Carlo</subfield>
    <subfield code="3">IT\ICCU\CNCT\005927</subfield>
    <subfield code="z">Giovanni Stefano di Carlo</subfield>
  </datafield>
  <datafield tag="791" ind1="0" ind2="2">
    <subfield code="a">Lionardo di Neri Cartolaio</subfield>
    <subfield code="3">IT\ICCU\CNCT\006507</subfield>
    <subfield code="z">Cartolari, Leonardo</subfield>
  </datafield>
  <datafield tag="791" ind1="0" ind2="0">
    <subfield code="a">Neri, Lionardo di</subfield>
    <subfield code="3">IT\ICCU\CNCT\006508</subfield>
    <subfield code="z">Cartolari, Leonardo</subfield>
  </datafield>
  <datafield tag="801" ind1=" " ind2="3">
    <subfield code="a">IT</subfield>
    <subfield code="b">ICCU</subfield>
    <subfield code="c">20201115</subfield>
  </datafield>
</record>
</collection>
